@inproceedings{origin,
  author    = {苏鹿鸣},
  title     = {TOU Beamer Theme},
  year      = {2024},
  url       = {https://github.com/Suluming1999/HOU-Beamer-Theme},
}